5170
8622	8690	2
14108	14277	2
8121	15259	2
8119	9163	2
74687	5375	14
8083	15582	2
8868	103923	9
9706	16102	2
8618	8742	2
8901	11860	2
8605	14741	2
14246	16048	2
69149	104050	15
8214	8985	2
8321	14789	2
14236	15719	2
14353	14983	2
9117	14997	2
14715	16183	2
15344	16546	2
8864	9051	2
14936	16111	2
13706	16102	2
9022	9706	2
8410	14041	2
11642	12294	2
32270	88232	15
7860	14623	2
8540	9113	2
31469	92014	12
8365	8407	2
8038	9163	2
14889	30651	5
8528	13956	2
14228	15981	2
8561	9237	2
29270	4048	14
26572	97455	15
8637	15313	2
8561	15539	2
21242	104115	15
8245	16027	2
25910	32281	13
14769	15620	2
76900	90880	12
8546	15725	2
8338	9060	2
65592	104071	15
73835	98208	15
7976	14076	2
9327	14004	2
8991	16109	2
55078	87832	15
92635	90052	0
39158	104156	15
8523	15837	2
8342	14444	2
14051	16319	2
8075	8797	2
14039	14566	2
8563	14386	2
14220	15590	2
14294	15540	2
12253	14244	2
9269	25710	5
8760	5151	7
13940	15087	2
8847	11419	2
66588	73076	13
8035	8104	2
41975	44986	13
49190	79947	15
9095	15747	2
11295	14348	2
11302	14394	2
36046	5704	14
8607	15721	2
8649	14729	2
24432	46947	13
8232	8460	2
16485	16555	2
8091	5594	7
37658	97493	15
37697	80080	15
9117	15468	2
8285	12005	2
7889	16066	2
8981	13858	2
14033	14772	2
9066	15160	2
70264	98167	15
23136	105044	15
7959	9022	2
8246	8278	2
14032	16322	2
38770	99828	15
12061	5330	7
8964	13857	2
54451	105012	15
8511	8550	2
11293	15747	2
95981	90976	0
26950	5705	14
8041	8951	2
44545	103379	15
9172	16150	2
8627	8667	2
8491	12215	2
16110	16327	2
16721	98440	15
14188	16168	2
8264	27257	8
8806	15805	2
8136	15659	2
7868	9034	2
32660	100387	15
8575	8650	2
32632	52803	13
83039	84239	1
7889	16329	2
22197	47200	13
10677	11460	2
8567	9182	2
30497	44808	13
9078	72848	5
8250	8327	2
8364	15863	2
11984	14895	2
8363	9029	2
8269	8697	2
7981	14410	2
8683	14816	2
7945	8844	2
15951	16109	2
26368	7583	14
10255	39919	10
8848	14978	2
56234	68820	13
9275	14572	2
8236	9045	2
7856	12070	2
44298	67269	13
7945	8164	2
8919	15382	2
9118	14323	2
8320	15013	2
8900	16116	2
7874	8606	2
8131	14134	2
15620	15705	2
9018	13908	2
15911	16500	2
9036	15152	2
25791	5499	14
11886	16183	2
14031	14339	2
8330	15233	2
8272	7590	7
36646	4692	14
8207	15628	2
8156	14947	2
8861	16000	2
42450	72725	13
8836	9287	2
14983	16017	2
8780	8881	2
84970	90499	1
14498	15026	2
7846	8253	2
9054	14962	2
28526	5582	14
8869	12004	2
8383	16341	2
75850	7573	14
14566	15289	2
15516	16157	2
39923	105079	15
56064	89735	15
8407	15914	2
8281	8322	2
8697	14706	2
45464	102694	15
8881	14604	2
8723	15819	2
8026	12354	2
14001	14276	2
8785	24433	11
9254	15989	2
8663	9090	2
11391	13666	2
30973	90540	12
9027	14098	2
15279	15870	2
11984	16354	2
8216	8995	2
9089	16187	2
15983	16356	2
8181	9045	2
8026	8768	2
32309	4590	14
8456	6387	7
8813	9060	2
8413	8952	2
8086	9117	2
9170	15547	2
31469	89883	15
8401	14785	2
44249	103358	15
11364	15435	2
11552	14283	2
8067	11370	2
9087	9302	2
13040	65965	10
39032	95511	12
8180	8799	2
8817	5515	7
8231	8956	2
11295	14751	2
61443	104155	15
8746	14901	2
8780	16303	2
9267	14746	2
22238	39596	13
8180	15889	2
28249	96810	12
8210	14347	2
9151	16287	2
14355	44466	11
30823	7268	14
25312	70904	13
8784	14302	2
8478	8635	2
7853	11556	2
7983	8112	2
26803	17937	16
14016	15536	2
56349	92577	12
38425	74442	13
7877	16553	2
8376	14684	2
8402	9144	2
9114	16325	2
21690	61742	13
20868	95808	15
8237	8359	2
8099	15184	2
8280	13743	2
8274	14125	2
8370	9211	2
31792	5704	14
8361	8911	2
7974	8294	2
8240	14005	2
73370	104243	15
11542	12263	2
11680	12318	2
54951	97840	15
66569	74485	13
7975	8176	2
9404	5711	7
7881	8593	2
9186	14286	2
71260	88280	12
51331	99954	15
8462	8844	2
66850	83497	12
13857	16100	2
15002	16432	2
8693	14126	2
15060	15119	2
8330	9227	2
14793	15792	2
8527	13957	2
8752	9227	2
35377	61982	13
9211	12282	2
12212	14110	2
26366	92100	12
8886	14025	2
23628	38920	13
8040	8496	2
54648	104920	15
26751	96427	12
69398	98286	15
36919	95502	15
9196	15809	2
8505	14124	2
8457	14180	2
8112	8281	2
74313	101747	15
9506	42689	10
8143	14017	2
8496	8952	2
8811	15643	2
14755	15463	2
8780	9276	2
8583	15013	2
89782	83919	1
9159	14047	2
26950	102758	15
8064	15915	2
26365	99848	15
9018	10001	2
8760	5675	7
24115	67495	13
7876	11646	2
38851	91635	12
8156	16179	2
7987	16455	2
7881	8325	2
8320	9298	2
9029	10175	2
14891	15596	2
37088	44059	13
7974	12246	2
40559	104820	15
9233	14604	2
8545	16116	2
8983	14525	2
26303	79239	15
8372	9153	2
59219	103058	15
8628	15610	2
15272	6147	7
46441	102737	15
52036	4776	14
8284	12250	2
12252	14092	2
14169	15328	2
72526	5582	14
37834	67196	13
21748	4404	14
8622	14263	2
8595	13665	2
11789	12348	2
14180	30944	8
9144	15747	2
8463	16358	2
9189	11815	2
8601	12063	2
8898	15702	2
8729	8922	2
7880	14064	2
8042	8954	2
8787	12342	2
14152	14231	2
16307	26705	10
58393	66087	13
8618	13906	2
8619	13946	2
25650	104182	15
8515	8617	2
33195	87790	12
8467	15839	2
8731	6121	7
14217	15894	2
8115	14875	2
25892	85570	12
8349	9016	2
87510	83510	1
31896	5582	14
44333	64215	13
11194	13933	2
14054	15019	2
64357	104163	15
8811	11354	2
44011	74299	13
8000	15885	2
24326	42319	13
8709	16121	2
8545	15183	2
34023	93034	12
12236	14048	2
11976	14365	2
14005	14353	2
70884	90282	12
8294	8366	2
8869	9286	2
8935	15773	2
8773	15816	2
8521	4503	7
14793	15412	2
54781	64053	13
8325	14353	2
37219	97695	15
28319	101083	15
8409	5974	7
7847	8949	2
8389	16308	2
54384	6478	14
9082	15584	2
8813	8872	2
9069	9257	2
8083	14315	2
36508	4515	14
8939	14258	2
8309	8542	2
12282	16257	2
9271	15870	2
9349	11397	2
28897	4677	14
9103	11362	2
12008	12015	2
15064	15328	2
11558	14934	2
8260	16196	2
41745	95759	12
16112	31377	8
97277	84239	1
25296	95737	15
7991	30649	5
8623	13922	2
7873	8537	2
8419	14436	2
8821	16306	2
39038	87188	12
8748	9182	2
8421	8472	2
8426	13997	2
8246	8975	2
8089	11404	2
8702	15779	2
9173	5594	7
9025	9175	2
8601	8620	2
42724	98580	15
39947	101541	15
8174	8969	2
21992	91635	12
9255	12191	2
8895	11642	2
11466	11705	2
21004	95460	15
15385	5883	7
8599	14410	2
8031	15356	2
58408	87689	12
14091	15427	2
24358	101786	15
42091	87470	15
44462	92541	12
11431	14873	2
12193	15348	2
74534	102134	15
8357	8541	2
9107	14012	2
7953	8820	2
9254	15907	2
8149	16303	2
8042	33676	10
8626	12236	2
8890	15810	2
8002	9164	2
14886	16375	2
8587	14276	2
14962	14993	2
68684	93496	15
23481	66832	13
8035	8886	2
8963	14053	2
11676	15863	2
37237	37237	13
12153	12288	2
8589	9275	2
14141	15463	2
8441	15907	2
8292	14635	2
8856	9241	2
8054	15848	2
8121	33689	8
8606	10542	2
8962	14169	2
8943	11362	2
8172	5995	7
14901	15753	2
8205	8456	2
32005	85242	12
7981	8487	2
26463	102098	15
27451	6479	14
9162	14357	2
46993	85969	12
25727	5284	14
33100	100482	15
27071	105022	15
11471	12234	2
8731	13940	2
8575	8745	2
8778	8821	2
39956	102252	15
8228	9093	2
8661	9122	2
12192	14124	2
9018	15887	2
27220	5515	14
8371	14739	2
8800	8817	2
34955	6450	14
8547	14253	2
38095	4048	14
15063	16218	2
29420	5582	14
8327	15271	2
38666	102727	15
8442	14396	2
8235	4763	7
7985	15798	2
9062	15713	2
66903	74655	13
9822	14420	2
8685	14766	2
8576	8585	2
9086	14302	2
8693	5493	7
15138	15773	2
35147	104274	15
76127	98292	15
33793	102470	15
12062	15095	2
7990	9145	2
7821	15105	2
52721	74669	13
8135	14146	2
8773	24331	11
8224	8778	2
8828	14006	2
12060	12323	2
8127	8400	2
8394	15145	2
8911	14751	2
22932	71218	13
25755	7025	14
9208	16150	2
8952	9237	2
16463	16581	2
38830	93108	12
14452	15128	2
9241	14740	2
15387	16071	2
8383	15702	2
9050	11002	2
12248	15818	2
9013	16376	2
8738	9247	2
11382	12265	2
8821	15220	2
8478	9302	2
8820	8937	2
11442	16055	2
8583	8711	2
16143	5397	7
9973	13974	2
8056	14409	2
14419	15633	2
8334	8978	2
69999	97622	15
8297	15220	2
9338	11350	2
7994	8196	2
61886	92843	12
34008	105016	15
36690	103367	15
39310	104844	15
49302	79828	15
23572	94019	15
8957	12281	2
8554	11361	2
12234	15823	2
41190	99520	15
33728	5111	14
13979	36428	5
8116	11745	2
8232	8321	2
8965	11984	2
14339	15784	2
8208	14748	2
26491	103468	15
9220	15617	2
9257	15569	2
93730	94305	0
8142	15113	2
11371	15970	2
65022	2708	14
42061	95831	12
8040	14503	2
8750	4749	7
8242	9205	2
9151	15908	2
10402	11440	2
9045	16145	2
9136	16024	2
8062	14183	2
8737	9141	2
11782	16109	2
62850	72923	13
13743	15169	2
9247	16150	2
8645	15218	2
29834	86826	15
73354	98184	15
14017	16218	2
8412	6212	7
58148	105301	15
33576	91553	15
8949	5081	7
8827	5223	7
16238	6705	7
8009	14868	2
8388	16103	2
76678	76678	13
44271	94673	12
8160	8643	2
8510	8872	2
7982	8940	2
7901	16164	2
5124	103777	4
22976	79396	15
12153	16396	2
14330	14760	2
9106	16063	2
14332	15554	2
8434	14285	2
8267	11634	2
8414	14180	2
9223	16375	2
14324	15724	2
41249	1774	14
44041	103445	15
8835	8854	2
8361	8614	2
37404	82193	15
15621	15858	2
57144	74304	13
8593	4837	7
60236	67629	13
59007	103476	15
70199	98251	15
15330	15992	2
8276	8484	2
15911	16375	2
30525	103499	15
8040	9141	2
25891	26676	13
7872	8550	2
32099	88405	15
8636	9153	2
54918	5107	14
14067	16063	2
32728	104121	15
16116	76843	5
23827	98499	15
8476	9086	2
8535	11977	2
25943	103534	15
8031	11407	2
67840	97587	15
11379	15778	2
13996	15267	2
14385	15488	2
90030	83919	1
8995	14036	2
25736	76603	13
8119	5876	7
8269	9019	2
24288	103569	15
44202	103418	15
8169	13966	2
9090	14990	2
8925	15705	2
8520	8851	2
8302	14646	2
8610	11782	2
14137	16109	2
8185	9054	2
10067	12100	2
91621	92932	1
8475	15945	2
8264	12004	2
85335	84000	1
8617	15727	2
8124	9258	2
50133	86704	12
15891	16212	2
8137	15925	2
41134	104093	15
8210	11803	2
60948	104122	15
8786	9154	2
25806	88405	15
73835	98186	15
29839	7463	14
8370	13930	2
8193	8657	2
15670	15856	2
8591	9111	2
12345	15548	2
65752	104079	15
8056	16148	2
14005	14389	2
8395	4407	7
14162	15637	2
37113	82940	12
8290	9021	2
12165	15972	2
11430	15798	2
8539	9022	2
14011	16160	2
8938	14811	2
7881	8166	2
8349	8421	2
8561	8969	2
8940	14188	2
31716	37497	13
8182	8808	2
8814	11407	2
8674	13988	2
8539	10847	2
44991	5709	14
10168	11819	2
8035	14140	2
8778	1796	7
8321	8467	2
8724	14806	2
14016	15209	2
41854	105509	15
11883	15198	2
68189	5582	14
9058	16273	2
8667	15757	2
14131	15332	2
8200	14324	2
8117	16303	2
8823	16157	2
8281	9024	2
8581	16035	2
8608	15382	2
68609	4971	14
8142	9266	2
11581	15267	2
8871	11705	2
33648	4502	14
8234	8876	2
44969	20202	16
8886	14099	2
16324	16508	2
44313	103349	15
14110	16031	2
8370	14064	2
8570	15539	2
9073	9261	2
3967	20094	3
8235	16449	2
20954	44147	13
38691	97960	15
8022	5698	7
7959	8627	2
22884	86648	15
13991	16303	2
8552	8748	2
9191	16368	2
27146	4806	14
8446	14279	2
30158	4623	14
7954	8076	2
8545	15225	2
8103	12321	2
8226	11977	2
8975	11815	2
8924	15662	2
8128	8426	2
8601	14143	2
67115	83532	12
8055	8297	2
9213	15840	2
14956	15625	2
47680	4741	14
8171	16212	2
12210	14757	2
8009	14220	2
36585	71185	13
8471	15209	2
27409	5080	14
8438	9285	2
25772	87883	15
24675	104951	15
14977	15369	2
8649	15632	2
9038	11413	2
8393	14391	2
8535	8836	2
8398	14392	2
54130	104210	15
15635	5030	7
46547	6955	14
8190	12267	2
8333	14537	2
60557	104224	15
8366	9108	2
8622	11699	2
8572	15705	2
14275	14761	2
22872	44380	13
14190	7588	7
8232	9159	2
9634	14891	2
34076	103548	15
8206	8950	2
9091	15909	2
16105	16370	2
22883	63025	13
9225	12239	2
34725	99813	15
8920	9060	2
14284	15827	2
8294	8836	2
8287	7516	7
8358	15139	2
30087	73119	13
14755	15666	2
8565	9051	2
8806	12366	2
8128	14023	2
24866	6928	14
15569	15809	2
8336	67764	5
11179	14152	2
26440	5711	14
94976	84239	1
35169	96534	12
8486	6231	7
14674	15689	2
8754	14265	2
8290	8621	2
44894	6481	14
7825	13962	2
26052	72734	13
9290	15277	2
31660	72399	13
8321	11183	2
25904	85560	12
8903	9080	2
8248	8361	2
11955	15617	2
7856	11817	2
37191	102230	15
9221	15163	2
66711	67702	13
44848	5523	14
8253	8697	2
8037	8429	2
8243	8954	2
8184	8618	2
8097	16296	2
24486	5518	14
8880	14585	2
30689	5160	14
29921	104960	15
53957	98009	15
32005	103553	15
8148	11449	2
8058	8737	2
46399	4351	14
47462	77908	15
25923	97295	12
36501	4315	14
8583	16101	2
73206	100979	15
59036	96551	12
36460	83726	12
25197	63169	13
7848	15419	2
14959	16024	2
8955	6039	7
8114	14180	2
24280	56458	13
8672	15681	2
46137	6063	14
55515	103544	15
8531	8924	2
8133	9220	2
8185	8599	2
8784	15693	2
9129	11819	2
11957	14298	2
8107	11433	2
20936	44101	13
8235	15219	2
9044	9198	2
11642	15233	2
8339	4824	7
14636	5934	7
8970	5370	7
8083	14246	2
8953	16318	2
11890	14838	2
8900	16111	2
8697	12354	2
11974	14062	2
9135	14001	2
53967	104253	15
22392	104266	15
9085	9245	2
8903	12170	2
8035	8743	2
21693	21693	13
14282	15332	2
8807	14978	2
8133	8735	2
44358	86573	12
9104	14426	2
8472	16595	2
8683	13966	2
8887	12364	2
7830	14431	2
8259	15111	2
8622	6215	7
7994	14036	2
7985	12074	2
8682	14927	2
14442	14890	2
8820	14278	2
8947	14388	2
8847	9019	2
7835	8088	2
15220	16393	2
8812	9190	2
10589	12012	2
11881	13983	2
7837	12293	2
65007	89827	12
12269	15382	2
8591	11642	2
9027	14332	2
21962	74718	13
43737	103293	15
8489	16128	2
11254	14295	2
8077	9240	2
11281	13976	2
14476	16371	2
7862	15146	2
9007	14789	2
31781	31781	13
30181	4289	14
8207	15848	2
8849	14251	2
52999	105010	15
8999	15066	2
7869	11419	2
9238	14021	2
8104	11464	2
8667	11379	2
15719	15866	2
63433	87897	15
10587	14554	2
8260	13975	2
25764	4465	14
8799	15010	2
74688	94427	12
8319	8342	2
21758	89315	12
7974	15835	2
29472	96621	12
58094	99249	15
8250	6142	7
8903	15818	2
14352	15790	2
9271	15709	2
8107	11442	2
28970	7020	14
8851	15105	2
10973	5457	7
29116	94869	12
9107	14548	2
24167	88685	15
29472	90994	15
69062	73777	13
8438	6523	7
60004	89774	12
8966	5862	7
8754	15776	2
9004	5280	7
13986	15748	2
8060	15007	2
16178	16196	2
8350	15927	2
29807	102340	15
8515	16240	2
16141	5957	7
9094	11427	2
14526	14768	2
44164	48526	13
44404	68408	13
8314	14537	2
11404	12007	2
29743	79223	15
29692	91118	12
47813	102753	15
8113	8343	2
8718	13989	2
76323	79033	15
31232	102800	15
8334	8999	2
16442	16553	2
8330	8445	2
41105	92852	15
8558	9249	2
10542	48754	5
8757	14080	2
8215	14034	2
9078	12232	2
63041	83501	12
33643	4935	14
7812	8291	2
8597	15703	2
8058	27257	5
8381	13988	2
11474	14760	2
8550	14248	2
8564	9197	2
8801	14841	2
73511	98117	15
9190	12261	2
7814	8425	2
22308	5655	14
15170	4831	7
44176	72303	13
7818	8720	2
8893	8995	2
39237	95273	15
57512	103544	15
24271	67216	13
8360	16522	2
8677	9030	2
15285	15349	2
8338	8701	2
14006	15854	2
8782	8809	2
8385	16019	2
8502	14927	2
14001	15854	2
61784	91272	12
7889	8089	2
35935	53108	13
68251	74485	13
15471	15839	2
8274	15105	2
9241	15302	2
7972	15087	2
8166	8713	2
9004	14720	2
8575	6678	7
8697	16321	2
33021	38519	13
32803	103499	15
14134	14409	2
33724	101765	15
8669	16031	2
8605	26519	8
9183	11789	2
10563	13987	2
32447	102901	15
8369	14152	2
8694	15770	2
7991	9347	2
8320	8772	2
12207	15098	2
9434	102108	9
21911	89795	12
7814	8287	2
8204	9196	2
11196	16327	2
11815	16327	2
8055	14146	2
8117	12269	2
39898	82075	15
8294	14054	2
9207	15021	2
8090	11473	2
8118	15768	2
8884	12018	2
8488	9109	2
77218	104099	15
12153	12236	2
14294	15636	2
8210	11447	2
15582	15636	2
8034	9039	2
8625	14898	2
15719	15784	2
11404	15391	2
39032	91382	12
11366	14803	2
67218	68630	13
8063	16170	2
8193	12025	2
66295	5764	14
8156	8218	2
8646	14099	2
8335	15059	2
14642	72893	5
47206	68907	13
8367	13991	2
11922	14384	2
14036	15603	2
8332	14103	2
9103	14264	2
11183	12285	2
44319	102016	15
8373	8848	2
8517	8995	2
14279	15878	2
14665	15756	2
8248	8387	2
9155	14131	2
14610	15787	2
61683	64784	13
8513	8730	2
9788	15607	2
8497	10002	2
12205	15835	2
23455	4971	14
7970	8881	2
26540	4776	14
12146	15427	2
8200	14990	2
13956	14326	2
11254	11301	2
58348	5346	14
9255	14346	2
11193	13706	2
8486	8741	2
14096	16036	2
38761	103450	15
8600	10847	2
8598	6398	7
38690	7174	14
36035	103427	15
9179	9222	2
13998	7168	7
8321	14136	2
8762	15225	2
8414	14004	2
64179	102093	15
29436	5317	14
14406	5314	7
8561	14370	2
68974	98184	15
8665	8930	2
51318	99013	15
14829	5672	7
26514	103431	15
56863	68555	13
8501	4946	7
9267	14883	2
14344	14441	2
14212	15558	2
8652	8726	2
9120	12012	2
8031	9001	2
8639	15661	2
29591	102319	15
14933	16110	2
11796	14167	2
24	4210	14
8701	14690	2
11642	11662	2
8710	9130	2
53121	104849	15
7995	8056	2
8528	9122	2
39393	3203	14
8361	14153	2
68680	93287	12
47192	105302	15
74091	7037	14
8570	13999	2
74804	103339	15
8637	16146	2
27049	102868	15
8322	15786	2
9785	15791	2
8897	14729	2
31299	88840	15
8058	8319	2
8345	16393	2
11803	15793	2
8919	12260	2
9255	24433	11
8967	9154	2
8156	16063	2
9692	11391	2
46473	102712	15
8424	15531	2
41922	104891	15
31951	92649	15
8246	15915	2
14173	16595	2
15059	15793	2
51012	102014	15
9202	9327	2
8862	15623	2
7975	15011	2
34938	104119	15
36316	90425	15
7981	15955	2
9104	11357	2
8694	16376	2
11959	16484	2
29840	100606	15
11419	15468	2
8395	8898	2
8054	11927	2
8758	9313	2
8269	14891	2
8292	14017	2
12014	12316	2
14909	16089	2
37096	44977	13
8367	8525	2
11958	16324	2
76805	88898	15
8293	8881	2
8336	8519	2
13983	14169	2
8079	8926	2
15187	16370	2
74842	3232	14
8005	15894	2
8932	9302	2
14114	14243	2
8339	8489	2
32378	98933	15
11997	14794	2
10004	12042	2
8700	15949	2
13984	16262	2
7982	12318	2
25381	32806	13
14116	14140	2
7889	13966	2
12278	13956	2
14213	15642	2
26674	6049	14
8563	16392	2
8102	14299	2
8005	15805	2
8794	14741	2
13999	15725	2
29546	80906	15
8136	9289	2
8951	14531	2
8149	8227	2
8035	9133	2
30360	84126	12
8177	8999	2
9087	14646	2
16049	16324	2
8466	8898	2
72116	5323	14
12083	14838	2
8074	15360	2
9182	16393	2
8288	16062	2
22405	104266	15
55539	104791	15
21189	99611	15
8021	14946	2
8610	8745	2
12295	28570	8
8547	12345	2
9106	12258	2
8694	8845	2
8468	8564	2
33658	104073	15
63796	4952	14
8955	8958	2
8484	9011	2
8280	9124	2
8494	33615	5
8560	14468	2
37946	80851	15
74751	3501	14
26702	103464	15
8569	14315	2
8297	8418	2
52906	103383	15
8334	11381	2
7970	12259	2
31828	102871	15
15223	15363	2
9237	14258	2
8503	9513	2
8695	15624	2
8219	15711	2
9265	16102	2
7993	5461	7
16414	16418	2
38666	78167	15
41217	87051	12
52204	6170	14
11361	16116	2
13998	14971	2
11840	15570	2
11210	14548	2
14257	15893	2
54988	99912	15
8295	7166	7
30317	102054	15
8116	8626	2
8549	15700	2
14137	14491	2
8194	8212	2
8323	8643	2
54592	104991	15
7846	15868	2
8947	13919	2
11823	14095	2
9297	15285	2
8038	8131	2
7970	8023	2
68254	71205	13
89594	94647	1
52936	86757	12
9099	101920	9
8826	9037	2
14113	14128	2
8257	8416	2
8575	12321	2
9022	5697	7
9124	15743	2
68794	3971	14
12238	15652	2
11642	14927	2
9013	15988	2
33021	104865	15
15267	16424	2
26366	44236	13
12306	4839	7
8386	12007	2
8765	14334	2
8701	12004	2
59210	81106	15
25726	4903	14
14257	15471	2
34956	3045	14
8295	14972	2
9171	5805	7
14959	15452	2
8836	9161	2
8570	15221	2
16323	33808	5
9024	15887	2
8412	9271	2
8824	5985	7
8667	9082	2
8807	12057	2
8735	12144	2
9154	14649	2
14004	16318	2
8521	11370	2
8042	15733	2
8885	8991	2
55531	99595	15
9141	14409	2
8456	9170	2
68697	71218	13
12995	36470	10
27338	104121	15
59532	7198	14
8193	9255	2
12342	15548	2
8196	8362	2
8018	27132	5
7839	15881	2
12063	12325	2
38614	84615	12
61428	6089	14
14139	15786	2
45004	5974	14
7871	15671	2
8282	8521	2
32655	90545	12
7948	8852	2
12291	14095	2
8090	8666	2
8732	15579	2
785	105074	15
14990	15031	2
8214	8485	2
8381	9143	2
8493	12154	2
70912	19467	16
8726	12009	2
8796	12284	2
25994	91546	12
8629	11194	2
8690	16367	2
15190	16535	2
48770	104833	15
8226	11974	2
8418	15711	2
8850	12057	2
14180	15249	2
7998	8991	2
8201	8967	2
8661	14231	2
38611	92884	15
8784	9034	2
27513	7445	14
9109	14231	2
9019	15756	2
21727	27048	13
29934	5518	14
14816	15450	2
63953	102844	15
8741	14246	2
7825	16275	2
49866	79956	15
14400	15626	2
8426	12229	2
36495	64322	13
12149	14098	2
31325	104856	15
8079	12342	2
11411	15905	2
8732	12074	2
8149	8618	2
3874	19948	3
8361	9254	2
8269	8963	2
15007	15805	2
27585	27609	13
10847	13372	2
28261	90495	12
46077	6743	14
11919	12239	2
8360	10200	2
8034	8980	2
12222	15356	2
26300	93858	12
7841	14042	2
7916	10004	2
67074	91722	12
8470	14545	2
52749	103015	15
49677	79878	15
8575	8584	2
8205	8673	2
8422	9249	2
38851	92784	12
25814	103493	15
8166	14125	2
9007	11400	2
8257	8704	2
8897	9123	2
909	105017	15
74254	94671	12
12330	26478	10
71278	90570	12
8259	14409	2
15161	15405	2
75463	5233	14
11407	14221	2
8086	14513	2
52902	68243	13
1320	72430	13
9097	12362	2
8126	14085	2
67750	76978	13
11193	16144	2
11281	11413	2
15039	4903	7
14339	15914	2
9105	16347	2
68790	71137	13
8431	14720	2
8372	14022	2
8575	16070	2
8906	14329	2
14213	14322	2
8398	15893	2
8409	12249	2
16613	26165	5
8772	12116	2
54099	98299	15
9013	16318	2
8031	8786	2
7860	8087	2
8266	8803	2
11451	14282	2
8926	11994	2
8883	15280	2
8167	9026	2
38430	2332	14
53175	93834	12
14152	16297	2
12264	14900	2
8024	8919	2
8080	15297	2
15060	15815	2
8497	8805	2
11375	14816	2
12350	14184	2
9147	16109	2
8851	15194	2
30087	90218	12
8276	14339	2
8562	9060	2
8790	15364	2
14190	26055	5
87641	83919	1
8152	14077	2
8212	8738	2
8707	8841	2
21592	101048	15
16289	25869	5
8434	15623	2
66611	103384	15
44215	76633	13
10942	15762	2
21973	29165	13
8231	14290	2
9184	15690	2
12248	15138	2
72634	73017	13
8995	15709	2
15382	15720	2
8393	6652	7
8639	14248	2
8110	14868	2
35840	97850	15
14184	15564	2
38630	101364	15
14344	15714	2
9308	15870	2
8639	8921	2
9250	15412	2
8134	9063	2
8396	16320	2
14248	14544	2
13989	14000	2
29401	97820	15
8546	8947	2
14642	15289	2
45953	80355	15
8147	8183	2
15846	15991	2
9207	14395	2
9623	14141	2
8422	12350	2
8554	8898	2
31324	61521	13
42415	44189	13
13997	14110	2
76480	93882	12
73664	104998	15
10466	13706	2
11419	14811	2
92393	88171	1
25865	96688	12
8563	14220	2
8732	9142	2
31774	102705	15
8094	12196	2
11800	16454	2
8074	11750	2
8299	15708	2
41687	87934	12
15516	15866	2
12082	14246	2
44032	19019	16
12331	15975	2
11451	14133	2
7983	12319	2
8380	16166	2
11648	14385	2
44480	6155	14
39214	97819	15
76100	98174	15
10942	14277	2
38657	17872	16
8683	14746	2
25290	56107	13
61665	95229	12
8396	12268	2
8756	9002	2
8137	14401	2
70858	17231	16
8645	12220	2
61653	62600	13
9151	12917	2
8527	16370	2
44334	94206	12
11440	14135	2
14219	16042	2
14126	15376	2
76824	85734	12
9029	11179	2
71234	94429	12
8219	8441	2
9296	14940	2
75235	80843	15
8225	9211	2
8336	9234	2
49987	80079	15
76840	103394	15
8565	15145	2
8690	14975	2
8737	8754	2
7893	7904	2
7822	8070	2
10570	40885	10
7954	8747	2
31072	102868	15
8967	14746	2
8890	15404	2
8290	15063	2
8372	12133	2
3232	18674	3
12820	14019	2
8248	14064	2
8355	14278	2
57028	96055	12
24115	61942	13
8657	8800	2
8383	16308	2
8755	15893	2
15732	15870	2
67832	97974	15
14259	15724	2
7974	13975	2
50567	102866	15
29830	4450	14
35336	66446	13
8448	30172	5
8786	8823	2
14131	14220	2
8833	14019	2
8833	15833	2
8305	7588	7
8458	14956	2
14136	15385	2
9052	14112	2
11467	14336	2
8456	30868	5
9054	14918	2
25821	86591	12
8589	14376	2
8854	15835	2
8606	15723	2
8860	15565	2
8694	15242	2
37395	102419	15
14603	14983	2
24274	87231	15
1290	55924	13
33563	5994	14
8467	8819	2
67463	17587	16
14184	16303	2
8458	8826	2
8086	16145	2
61339	4824	14
8438	8731	2
8564	9067	2
30973	84964	12
13994	16157	2
8190	8842	2
8277	9092	2
9060	15191	2
9001	14727	2
7959	8357	2
8171	103942	9
9273	15274	2
7984	9255	2
11343	21815	10
15414	15829	2
8527	9865	2
7971	12236	2
7967	16062	2
11421	16384	2
8431	15313	2
11815	11959	2
8784	8896	2
67524	89663	15
8850	9189	2
64946	83421	15
53169	61899	13
26235	92157	12
8621	9055	2
14034	15261	2
44721	89693	15
15357	6391	7
8713	14306	2
8541	14642	2
8607	15643	2
8067	14067	2
8430	14047	2
28713	5884	14
8140	8719	2
8607	15744	2
11086	27549	10
9206	13991	2
10352	102202	9
44859	5938	14
66117	79304	15
28970	99765	15
44523	90975	15
33095	2552	14
8204	15229	2
8424	14657	2
73065	103484	15
8935	14768	2
9269	15530	2
14153	15815	2
8090	14257	2
8257	9006	2
63754	104062	15
11803	14228	2
8274	8652	2
14134	14388	2
8078	8592	2
31028	38448	13
13946	7166	7
8327	14751	2
8823	15191	2
8546	11519	2
13936	15504	2
8870	15026	2
14032	15313	2
8995	15840	2
12229	14076	2
8415	8755	2
9680	10873	2
38428	4406	14
8575	8932	2
8351	15662	2
15078	16396	2
24374	102482	15
9222	12260	2
58052	86388	12
9182	11798	2
14222	15187	2
8971	9234	2
14811	16157	2
90997	93974	0
25145	4298	14
25581	86184	12
8143	14276	2
64655	104148	15
25731	28841	13
9268	6852	7
8518	42768	5
44859	95806	12
8293	16192	2
8430	5515	7
39102	97513	15
14365	15727	2
26424	5518	14
33483	102867	15
8001	8101	2
8110	8156	2
8799	12293	2
16150	16377	2
30990	92578	12
38144	85369	15
9170	16023	2
9275	15721	2
8421	8739	2
30167	4298	14
14353	14751	2
8678	103881	9
55285	62560	13
9045	9338	2
9067	15683	2
25868	94736	12
8570	8806	2
9119	9152	2
8771	14426	2
8061	8387	2
31181	91123	12
8122	16278	2
12053	16381	2
14035	15861	2
8215	11373	2
7906	26093	5
8915	16322	2
8231	8487	2
8085	8581	2
10942	14066	2
8442	12013	2
38667	90312	15
8180	15063	2
9133	11397	2
7882	15602	2
8343	8353	2
8079	8318	2
28424	104133	15
14388	15743	2
8253	14751	2
29250	64051	13
69414	98184	15
8856	14901	2
7953	8497	2
8367	14302	2
9023	14875	2
7982	8793	2
20965	20965	13
8000	8684	2
8044	8371	2
8744	9136	2
8483	16322	2
7941	6480	7
12253	14386	2
22743	44905	13
30703	100185	15
51026	103994	15
8858	12236	2
14448	16422	2
7851	16133	2
14566	15812	2
8882	14142	2
9022	14124	2
12273	16060	2
7980	8190	2
11976	32319	8
59976	87830	12
8449	8783	2
8442	9092	2
11942	15566	2
7893	12092	2
8395	5944	7
8725	15725	2
8331	8450	2
8062	8516	2
8468	8821	2
12083	12200	2
28265	65985	13
8126	8262	2
11733	13372	2
8829	14001	2
11519	13103	2
8128	14276	2
9055	14053	2
8376	8422	2
44715	93493	12
15765	15776	2
15536	15974	2
9051	15876	2
44334	94231	12
11371	15741	2
12205	15349	2
8582	11377	2
8570	9338	2
25359	26439	13
21770	66940	13
8331	8445	2
8287	10699	2
14756	16193	2
9137	5286	7
21778	97274	15
53796	6959	14
8702	11987	2
8574	8893	2
44204	5317	14
15494	15689	2
11050	101846	9
8436	8628	2
33319	78673	15
9205	15707	2
11798	14599	2
8363	15798	2
22406	104154	15
14280	14624	2
7815	15107	2
8396	14321	2
75102	100707	15
8314	8646	2
55968	93737	12
8401	13465	2
11902	15404	2
8210	14692	2
32283	41575	13
25716	4596	14
57119	64125	13
12330	15821	2
8650	16306	2
60352	98375	15
8800	16145	2
8124	14108	2
36147	103340	15
9260	14436	2
7889	16063	2
9019	15439	2
74243	103408	15
8366	8883	2
35922	80686	15
8965	15128	2
8000	8609	2
8041	15063	2
8147	16526	2
1216	105149	15
8075	11880	2
9143	15602	2
8243	9033	2
12189	14162	2
8108	8649	2
44311	58405	13
8606	13961	2
7848	12099	2
8520	10142	2
16148	35837	10
8318	8975	2
16191	16302	2
36968	93810	12
12313	14237	2
14811	16150	2
8695	15832	2
8928	15876	2
8079	12054	2
14794	15040	2
95388	83919	1
66896	103404	15
8801	9170	2
11893	14099	2
1243	5515	14
15698	15999	2
8861	13977	2
40684	99500	15
8400	14011	2
15074	16099	2
26366	44839	13
59709	99068	15
30507	84870	12
8127	14613	2
8404	8541	2
14054	14125	2
8262	8771	2
52135	4811	14
66070	66070	13
9274	12257	2
14189	14291	2
8483	9238	2
13941	5732	7
8359	15662	2
9039	16388	2
9093	14427	2
72204	78821	15
52217	104488	15
8527	8606	2
8238	13977	2
8773	8963	2
26453	102928	15
11473	11554	2
11375	15852	2
14034	15376	2
30358	30358	13
14776	15633	2
8693	5697	7
7981	12311	2
8115	8597	2
8046	8771	2
30393	103551	15
8168	8228	2
9715	14527	2
8026	8057	2
8983	9233	2
12321	14799	2
46607	3904	14
33621	4727	14
11802	14838	2
8344	15756	2
22875	68540	13
12116	6163	7
8331	6815	7
6248	103629	4
30594	43968	13
8177	16024	2
8294	8529	2
8520	8574	2
8689	14016	2
8269	15619	2
8062	15266	2
66309	7020	14
7881	8714	2
14744	15073	2
51541	104657	15
8457	9108	2
11556	14328	2
12839	15756	2
14411	15294	2
16067	72324	11
8768	16111	2
8122	14035	2
8710	12058	2
15982	16099	2
8773	16164	2
11581	16088	2
40588	99469	15
85242	83526	0
8347	15907	2
41011	89995	12
8288	14811	2
8345	9267	2
8518	8857	2
52046	6574	14
8122	12316	2
8646	14831	2
15516	16084	2
9019	11423	2
13965	14891	2
8136	8617	2
67591	3286	14
77108	99636	15
8790	6038	7
8177	15805	2
25032	5933	14
12095	14926	2
66028	91252	12
16610	27132	11
8062	8389	2
11508	12210	2
7987	8257	2
35077	79160	15
13996	14813	2
32749	37935	13
9062	14495	2
74131	77999	15
7814	14964	2
12263	15712	2
9004	103929	9
9045	9054	2
11466	12287	2
15795	16162	2
11366	15833	2
7954	8510	2
8949	8955	2
15144	4855	7
8919	14017	2
9007	9290	2
8610	11367	2
8971	26522	8
9054	14275	2
8956	14284	2
9513	14288	2
8621	11556	2
15450	15722	2
12013	12295	2
38667	103408	15
27407	105020	15
8185	8820	2
8724	9131	2
11430	15417	2
8997	9170	2
7812	14994	2
9002	13993	2
8554	14004	2
14714	15609	2
9116	15769	2
40591	5959	14
15324	16024	2
14162	15552	2
44174	94449	12
8037	15779	2
35569	102878	15
8304	16004	2
8152	14090	2
38489	104101	15
39312	89500	12
8084	11984	2
11471	15427	2
14085	15846	2
8416	14250	2
11378	14179	2
52946	56371	13
8442	9053	2
8727	15074	2
65059	4351	14
8327	8608	2
93565	83308	1
14023	14282	2
8049	5314	7
8469	15727	2
9001	16056	2
65256	103960	15
44267	92438	12
8758	8930	2
8268	8450	2
9014	11487	2
9155	30868	8
9019	14152	2
8965	14788	2
28262	87042	15
14514	14731	2
8117	15711	2
63147	92028	12
8690	14330	2
8250	14864	2
8698	9071	2
73263	100950	15
8194	15454	2
8379	15681	2
8539	16148	2
8107	4797	7
8450	8772	2
12082	16582	2
8784	8986	2
8880	35653	11
8949	16008	2
8823	16107	2
35214	94509	12
32447	102754	15
14388	16318	2
8994	15779	2
7985	8672	2
8294	14246	2
8305	66031	5
12259	16392	2
12092	16534	2
14258	14945	2
8217	8973	2
26459	6942	14
29698	104180	15
8624	14805	2
8418	14513	2
11002	11302	2
8355	11975	2
9142	7460	7
12216	14870	2
8623	16500	2
8274	8601	2
33840	41700	13
8932	15360	2
13976	14264	2
70937	76596	13
8152	14114	2
8146	8412	2
8731	15599	2
14751	16303	2
42034	88000	15
73184	100904	15
14862	16391	2
12140	13910	2
11302	5817	7
12312	15661	2
30790	99995	15
8146	8485	2
14299	16320	2
26502	102922	15
8615	14566	2
53800	97415	15
7970	16099	2
8589	11642	2
8071	8196	2
14321	15819	2
8183	15794	2
26800	94241	12
7974	14665	2
7851	15349	2
7976	14696	2
9263	9705	2
8727	12133	2
8049	16432	2
8500	14391	2
8205	14136	2
8612	9018	2
9901	5974	7
8598	14251	2
8507	8853	2
8483	16324	2
8536	13144	2
8607	16303	2
32120	6481	14
26490	66687	13
9170	15999	2
8090	9152	2
38598	93134	12
8497	14061	2
8355	16331	2
8657	11230	2
7832	15128	2
8802	11371	2
29043	92188	12
8272	14317	2
58014	90184	12
8242	14249	2
51050	61943	13
8380	9059	2
11480	14928	2
11356	14226	2
7878	16549	2
56756	61943	13
14977	16350	2
35665	92859	12
74283	101898	15
8039	8188	2
7821	16298	2
25893	85576	12
11733	14140	2
67789	5085	14
9149	16070	2
8355	14746	2
9094	15815	2
14276	15139	2
8012	9297	2
7980	15205	2
7846	14261	2
8476	11789	2
9485	6479	7
8541	9166	2
9084	10699	2
8954	15600	2
37030	92006	12
7846	15578	2
8219	8940	2
25890	30455	13
15147	15382	2
8778	14247	2
8582	15747	2
85067	90625	0
9265	15635	2
8542	9284	2
21936	60020	13
15991	16086	2
8354	15691	2
11942	15848	2
8381	15487	2
27407	6847	14
64936	97188	12
14235	14894	2
21751	91998	15
26277	6877	14
8500	9320	2
13706	13932	2
14706	16381	2
8393	11456	2
8429	15974	2
8698	11386	2
70696	84434	15
14917	14991	2
8880	15426	2
31140	91763	15
8918	9122	2
9094	14580	2
13974	6199	7
8684	8686	2
25172	76596	13
8476	15727	2
8567	12292	2
8673	14631	2
54475	104900	15
8841	14929	2
14964	60094	5
9022	14089	2
29613	7497	14
26489	86848	12
14222	15912	2
14136	14915	2
8530	9109	2
8544	8737	2
8238	16260	2
8035	14258	2
9262	10004	2
8618	8754	2
34780	95760	12
44394	94757	12
8309	7497	7
9117	15539	2
15061	16430	2
12278	15479	2
26366	4613	14
8126	5307	7
30349	90184	12
7989	9148	2
8199	8666	2
8824	6150	7
37196	5763	14
8041	9245	2
8651	14772	2
9131	14131	2
9183	31082	10
7270	103293	4
8264	7092	7
8669	8812	2
7996	16371	2
92804	94647	1
8662	8722	2
29692	57915	13
11648	16273	2
7950	8414	2
73576	104268	15
33036	102694	15
8574	14298	2
25546	4489	14
14352	14392	2
11563	11642	2
8327	6187	7
15612	15951	2
36363	78586	15
9021	13665	2
93581	84239	1
43991	103336	15
8109	15617	2
44855	65874	13
7824	8282	2
8469	12274	2
8182	14901	2
8364	16021	2
8073	15881	2
32783	44859	13
44022	5606	14
25631	7044	14
8919	14424	2
11401	15900	2
95739	91369	0
8962	6500	7
35189	35316	13
84775	84000	1
26366	70808	13
39233	105205	15
44509	92440	12
8113	8550	2
8158	8888	2
8630	103904	9
31366	103476	15
8765	16296	2
8084	9124	2
8175	8210	2
7985	13971	2
76740	93134	12
14061	14153	2
8571	12917	2
8163	8648	2
14118	74857	5
8250	16284	2
36227	76861	13
8575	14150	2
8548	16322	2
8672	16193	2
8080	15071	2
14226	14744	2
39555	104935	15
30493	105045	15
8363	11230	2
12083	16421	2
31314	99860	15
28455	47540	13
28651	7516	14
25572	4365	14
14985	15221	2
15420	16485	2
8502	13926	2
11857	12236	2
13706	15031	2
13962	15443	2
14319	16133	2
14447	15487	2
15194	16033	2
7882	15387	2
8746	9230	2
9724	29233	10
53740	82602	15
8128	13460	2
9235	11356	2
8662	16218	2
12082	14901	2
8128	14754	2
8148	16023	2
44737	92929	15
11929	13998	2
8224	12108	2
8894	12917	2
8010	11542	2
8896	15736	2
8064	15821	2
46077	5667	14
14273	27132	11
8174	4423	7
12099	14435	2
86828	88171	1
8842	4436	7
9029	14208	2
8940	8962	2
37952	78963	15
8238	4747	7
9094	14839	2
8600	15302	2
85856	86817	0
8104	8752	2
15494	16240	2
8067	8558	2
8250	9085	2
67615	90904	15
51806	104428	15
28094	104374	15
8657	14405	2
8057	8702	2
13915	16508	2
38738	57859	13
32447	4823	14
8534	8887	2
8640	15359	2
7842	14572	2
11632	12205	2
72259	4573	14
8088	9245	2
14714	15548	2
11471	14839	2
8955	15893	2
12259	15912	2
7874	8841	2
33626	102585	15
8779	13971	2
8816	14040	2
16132	4396	7
8505	15726	2
8417	12196	2
8576	11447	2
8571	14168	2
12007	13912	2
14895	16172	2
8956	4563	7
84453	83985	1
8854	13994	2
12216	15536	2
29692	66074	13
8304	16056	2
23479	20214	16
8801	9045	2
30950	31807	13
60156	72664	13
8618	15064	2
44866	5518	14
49302	79666	15
8196	16325	2
8727	14306	2
11193	11883	2
11350	14302	2
16196	16262	2
41908	102099	15
7992	16103	2
7821	14233	2
9183	15163	2
44404	92639	15
8411	16327	2
8643	16219	2
14715	15309	2
15371	27225	5
8028	12048	2
14791	103907	9
8593	15885	2
8201	8628	2
8770	12319	2
14249	15683	2
30145	99803	15
8024	14219	2
8412	14625	2
8420	5697	7
7907	11796	2
46034	79868	15
8361	14471	2
9261	14126	2
26232	5320	14
43739	104778	15
8322	15803	2
8455	15647	2
51566	7603	14
8357	8955	2
14186	16530	2
8005	8419	2
62856	72358	13
27335	90544	12
8732	9042	2
29036	80685	15
11663	16356	2
9136	14250	2
8484	15279	2
26803	103294	15
44144	53414	13
9076	14184	2
27054	103421	15
8049	8782	2
32410	89757	15
9208	15649	2
7846	35937	8
8525	14001	2
57156	66958	13
15704	15744	2
63798	104281	15
41228	103373	15
8795	8929	2
25413	6450	14
9117	14259	2
9240	16304	2
8462	9109	2
71459	4573	14
31828	6888	14
8437	4977	7
14315	15642	2
71098	87048	12
11970	15600	2
14219	16107	2
8451	15649	2
13020	15919	2
9039	14546	2
7945	15784	2
7625	102838	15
32039	102726	15
25732	104236	15
7887	12305	2
9985	26484	5
8283	15598	2
14266	15705	2
9155	15642	2
14257	15956	2
1381	99640	15
8037	11179	2
8893	14131	2
15779	15999	2
8230	8325	2
46318	4646	14
15200	16124	2
8261	14533	2
39409	104182	15
38780	92879	12
14250	15067	2
8394	30651	5
11819	15105	2
28435	104849	15
8158	8977	2
8752	12109	2
8686	16595	2
59501	104094	15
15791	15909	2
15052	15108	2
8116	14083	2
9267	14112	2
8505	16351	2
8769	9075	2
9036	14774	2
9889	14964	2
14298	16416	2
39725	63124	13
54077	97827	15
8487	12285	2
65769	100016	15
8042	15702	2
14021	15054	2
8048	9003	2
74258	86020	15
14259	15685	2
13919	15812	2
16424	16463	2
14124	15138	2
40623	5518	14
9150	15661	2
15237	16370	2
9175	14286	2
24	104849	15
11449	11638	2
7993	8549	2
8951	16113	2
8216	9139	2
8601	12109	2
7937	44914	5
8799	14005	2
11434	16259	2
33584	93024	12
8645	14048	2
8284	14011	2
8169	14014	2
8591	9320	2
10483	14978	2
8361	9155	2
11436	14895	2
8238	8956	2
8592	12220	2
8991	6151	7
8570	6556	7
8745	8976	2
8365	15363	2
11683	12225	2
8168	14248	2
8867	5013	7
8587	8783	2
21827	37669	13
13998	14129	2
11440	16337	2
15095	16358	2
8610	15313	2
8816	14436	2
14261	15596	2
8172	15349	2
9112	14809	2
9019	9286	2
3737	20326	3
14572	14782	2
20953	94187	15
8640	9044	2
27137	87805	12
25661	4830	14
15948	16298	2
8232	11815	2
8769	14920	2
14665	15649	2
22732	97274	15
8006	14328	2
8947	12362	2
8967	30856	5
11362	14232	2
9143	11466	2
8816	14163	2
25920	84090	15
8110	15554	2
8327	14304	2
8378	15178	2
23555	96077	15
9134	11381	2
25831	31516	13
66094	90305	12
13926	14761	2
8536	15207	2
9033	15003	2
8657	8768	2
9822	14315	2
9001	11380	2
7831	14138	2
9045	15111	2
22839	41150	13
8833	14035	2
8379	9254	2
15128	16165	2
37202	104069	15
33458	4476	14
11295	15661	2
13904	14041	2
11767	15570	2
8760	9059	2
8000	15785	2
8917	9122	2
8013	9289	2
8931	14182	2
26398	5994	14
15609	16064	2
14278	14665	2
65768	104881	15
62675	86710	15
7880	16194	2
8253	16093	2
16731	104166	15
27109	88672	12
30023	104287	15
8534	8957	2
12258	15754	2
26943	27878	13
29538	103520	15
9018	10847	2
12222	15499	2
9039	16331	2
8582	12313	2
26529	6101	14
9291	10558	2
26297	104243	15
8731	14384	2
12316	13999	2
8302	9308	2
57064	6964	14
9302	10677	2
8900	5316	7
8887	14286	2
8596	11824	2
11881	15008	2
8210	8930	2
13930	14811	2
14003	14248	2
8530	15111	2
15812	16393	2
24682	104067	15
8378	9263	2
43039	5821	14
9138	14915	2
7979	8962	2
8879	14385	2
8042	14287	2
8236	14493	2
28737	98245	15
41058	100305	15
63208	92639	15
25337	62958	13
42562	92660	15
9245	15113	2
8498	8922	2
8024	16021	2
35149	104248	15
65172	81540	15
9069	15948	2
11194	11851	2
8291	12109	2
12249	14076	2
8326	14306	2
14406	15917	2
8000	8357	2
57224	101747	15
83243	84239	1
9313	5518	7
9241	11370	2
8142	12170	2
14006	14891	2
8552	15713	2
38971	88169	12
28929	84250	15
8823	11976	2
8185	15620	2
44250	64891	13
8031	14249	2
72492	91646	15
11927	14034	2
74792	85020	15
9110	14167	2
8257	16458	2
34210	67608	13
7874	8483	2
8183	16174	2
8353	9050	2
8414	5363	7
8224	12001	2
68449	72794	13
14868	15142	2
8106	8422	2
68223	86722	15
63559	68231	13
13943	15332	2
12253	14776	2
8482	14700	2
9134	5082	7
40189	104070	15
15810	15822	2
8558	8692	2
8563	14936	2
21175	100108	15
51736	104609	15
7992	8951	2
8514	15456	2
14599	15468	2
9081	15929	2
36222	79224	15
8612	8713	2
8666	14415	2
7859	9057	2
30946	103384	15
7987	15584	2
8100	15532	2
47667	102693	15
8402	14379	2
74751	2749	14
8506	9338	2
8835	8901	2
28425	85559	12
8886	15784	2
14780	16441	2
8799	8911	2
16008	16318	2
9177	14434	2
7814	8631	2
15107	15261	2
7834	15362	2
15547	16112	2
13998	14179	2
14144	14413	2
8697	9152	2
8058	8468	2
8605	14652	2
8113	14513	2
35444	74466	13
14674	16376	2
8456	14247	2
11373	15261	2
11446	15427	2
26366	6491	14
45414	4571	14
9901	14469	2
8667	14714	2
30556	100636	15
8976	68502	5
8616	11002	2
8972	13959	2
8121	15010	2
53806	104094	15
8094	8977	2
7825	9424	2
8388	14406	2
57290	64101	13
8140	16010	2
8504	14570	2
87900	86065	0
8616	15479	2
8243	9120	2
16424	16539	2
8044	14751	2
24381	93349	12
8474	8848	2
8175	10004	2
12196	28598	5
37405	103225	15
11353	16031	2
7994	8142	2
8277	14990	2
9025	9222	2
68636	68636	13
8571	8724	2
9044	12365	2
9290	15854	2
67375	92853	12
9285	14405	2
8599	8780	2
52179	104544	15
8013	8354	2
8646	14862	2
3049	18243	3
9080	16402	2
8997	15156	2
9094	9241	2
12238	15601	2
8536	8552	2
11793	15344	2
8955	16031	2
8214	8779	2
8577	14489	2
8748	12189	2
29023	86850	12
8431	8851	2
9033	14959	2
7970	8001	2
25626	83812	15
8113	8388	2
15255	16110	2
70969	3511	14
31889	32783	13
7847	9227	2
8707	11270	2
96377	89185	0
28146	90307	15
8076	14258	2
8695	11375	2
14277	15237	2
8801	14047	2
36482	102892	15
8372	31094	5
15315	16438	2
15105	16123	2
14553	16006	2
9112	12165	2
86463	85153	0
16485	16597	2
8389	14153	2
61400	98066	15
8871	15421	2
42679	6450	14
8882	8982	2
11407	14333	2
26489	86994	12
8781	5638	7
8574	8620	2
8778	6485	7
8530	12057	2
8208	8808	2
8647	12082	2
14081	14529	2
8704	12100	2
15753	16191	2
8955	16174	2
8472	8805	2
7889	14225	2
14291	15765	2
9159	15807	2
39300	97895	15
20842	20842	13
9067	16196	2
8463	16191	2
16031	16168	2
12202	15079	2
8499	14809	2
62499	5314	14
29357	99299	15
8475	9053	2
49785	80031	15
14222	14936	2
8208	8630	2
8363	14733	2
14250	16251	2
55890	103021	15
8612	12196	2
12236	16426	2
8683	14749	2
7842	16212	2
8249	15599	2
8877	12007	2
29918	99597	15
8032	8083	2
14445	14720	2
8862	12229	2
8009	15962	2
30348	84154	12
8513	14839	2
14766	16179	2
8724	8732	2
8026	8760	2
62819	66549	13
12272	14376	2
8937	14299	2
8009	16060	2
25556	7157	14
11634	15702	2
57421	94534	12
25726	5283	14
8458	9004	2
77144	104011	15
7985	15863	2
35227	72485	13
31182	103464	15
14548	14956	2
14038	15756	2
15313	15558	2
29582	33709	13
31187	105333	15
8001	12130	2
8483	15721	2
8322	15095	2
8136	11379	2
39407	53985	13
14128	15637	2
8424	14898	2
9026	15520	2
30029	4502	14
8645	9081	2
71274	4783	14
31176	37159	13
8762	16067	2
14015	14142	2
12292	15499	2
8805	16193	2
7907	16475	2
11350	15885	2
14396	14842	2
9148	12258	2
8529	14997	2
8192	12321	2
61841	64078	13
9041	15635	2
45177	5530	14
76429	103415	15
14069	16150	2
8290	8626	2
11987	13995	2
29021	103581	15
8281	9298	2
29326	73623	13
8102	14868	2
8856	9269	2
8275	16308	2
67759	91295	12
9302	12281	2
8140	8693	2
68306	72294	13
7996	15279	2
22136	4364	14
8738	16261	2
14693	15008	2
8633	13913	2
14312	7303	7
9103	16252	2
8156	15635	2
8294	16296	2
8027	21867	5
14062	16540	2
8478	15863	2
25769	5518	14
8832	10563	2
8735	8967	2
8418	9162	2
9026	15313	2
8548	8842	2
71004	71087	13
13922	15810	2
14732	15599	2
8056	16396	2
8323	9030	2
8088	14248	2
35029	42535	13
8085	14497	2
8516	15494	2
8348	14378	2
11408	14034	2
8185	9006	2
8739	15649	2
71862	104012	15
8109	8274	2
39268	97274	15
8067	8616	2
8574	14243	2
8218	16360	2
13921	14136	2
72543	74435	13
26356	96713	12
60242	103288	15
11901	16445	2
37035	99868	15
8694	9296	2
12011	14788	2
11817	14764	2
8353	8853	2
14890	15549	2
14032	16103	2
8952	15848	2
8697	15743	2
87671	83597	1
74583	94804	12
12192	14099	2
56179	99784	15
8829	15776	2
7992	8086	2
14173	14193	2
8969	14282	2
8011	9081	2
28426	85560	12
8238	9089	2
8010	8511	2
8446	15754	2
14248	14288	2
8558	9001	2
8756	15169	2
14034	15873	2
8779	14093	2
14036	15704	2
11558	15161	2
22916	90412	12
8819	15454	2
7880	14492	2
8661	14696	2
8086	8318	2
66019	92992	12
8550	16478	2
67757	92443	12
8219	13918	2
49496	79884	15
51210	5376	14
12023	14685	2
8369	9108	2
8348	14570	2
8480	8669	2
16728	104039	15
8080	15412	2
9276	14886	2
66631	67218	13
8140	14313	2
8767	14225	2
12050	16327	2
49622	79961	15
14782	15207	2
8166	9145	2
30582	37638	13
8658	12025	2
57263	104859	15
8158	16276	2
8564	29350	10
8421	9133	2
8176	9189	2
11265	16366	2
41579	103539	15
7867	15807	2
8733	8816	2
7978	12254	2
8620	15314	2
35762	37480	13
8070	8891	2
25713	97678	15
12264	14365	2
14419	15816	2
4019	20377	3
8134	15858	2
39253	4613	14
11454	5530	7
12008	12191	2
8824	14277	2
13706	15574	2
7990	9101	2
8363	14291	2
25137	3058	14
12015	14253	2
11932	16487	2
53868	104211	15
22029	79401	15
20887	90941	12
87756	92639	0
72868	76639	13
9219	15670	2
8947	14340	2
8257	8486	2
30820	38792	13
8862	12286	2
7908	12042	2
9014	15255	2
8304	8762	2
8067	16134	2
8394	13956	2
11358	16306	2
8702	8947	2
11473	11680	2
7861	13904	2
16292	66514	5
8570	16212	2
14137	15486	2
8333	14253	2
48647	104850	15
14099	16036	2
8529	8778	2
11745	16171	2
8124	14304	2
11173	28790	10
12281	14731	2
11397	15747	2
9190	9237	2
8844	8965	2
8388	9001	2
14066	15821	2
9211	14021	2
14070	16192	2
8074	16392	2
11944	15103	2
26484	101721	15
8610	8619	2
30286	103422	15
12119	16458	2
8299	13108	2
8629	11986	2
14237	14974	2
8608	8762	2
8646	14344	2
43392	59086	13
14193	16297	2
11210	12140	2
29241	103544	15
8142	14329	2
11473	16273	2
8362	16284	2
8001	15095	2
8815	25677	5
15267	15283	2
44282	101998	15
38647	78218	15
48595	81238	15
46216	102674	15
8371	15927	2
9011	15783	2
39866	105373	15
16298	5314	7
8918	14990	2
8561	13927	2
8376	16102	2
68841	70755	13
8977	16133	2
8355	8726	2
9012	12205	2
8091	8322	2
8585	9245	2
26063	30112	13
8147	15105	2
7980	14320	2
14357	15488	2
8152	14218	2
8491	13916	2
9184	16042	2
8906	16112	2
64416	5674	14
8120	14723	2
8883	15564	2
14269	15991	2
39046	103522	15
12244	14089	2
8567	16402	2
62585	103579	15
8260	14751	2
22938	72430	13
65507	104855	15
26539	90566	12
7856	15266	2
8528	15712	2
11789	14749	2
88839	89487	0
15732	16297	2
8407	15107	2
33259	49452	13
12070	15009	2
8767	12222	2
8438	8546	2
8616	15271	2
12292	13921	2
8295	11591	2
15881	16341	2
8722	9136	2
72471	5681	14
8226	15363	2
8176	8210	2
41478	85388	12
8609	5582	7
8008	8621	2
8961	16028	2
8527	13975	2
60187	5938	14
92587	83985	1
8161	16050	2
8340	11556	2
8548	8575	2
13994	14559	2
7980	15692	2
8510	14165	2
53590	82594	15
38575	99688	15
8304	11464	2
8345	8845	2
8657	8697	2
8863	15709	2
30416	99796	15
68696	92543	12
8136	8407	2
8882	8950	2
35556	103519	15
77190	104170	15
8049	8410	2
8119	8875	2
9040	15612	2
8293	13665	2
8480	14413	2
37508	91640	12
65767	104174	15
12365	14918	2
14891	15163	2
12281	15991	2
14058	15818	2
8323	8744	2
8076	9045	2
16086	16121	2
11494	15030	2
12128	14272	2
51259	104706	15
42065	101846	15
65590	7493	14
8041	8887	2
31022	33476	13
8269	11413	2
68415	86134	12
35166	2089	14
12046	12154	2
37256	5180	14
9136	14062	2
8955	4570	7
8467	11419	2
26291	4450	14
89516	83985	1
25251	47539	13
7971	8204	2
62940	72485	13
15198	16531	2
14972	15338	2
8349	14789	2
33487	6517	14
13969	14397	2
8560	15557	2
8370	12254	2
15549	15813	2
8182	14248	2
21110	105228	15
23489	103371	15
29552	101988	15
15554	16321	2
7845	15754	2
8553	4430	7
8257	11379	2
8091	15748	2
8721	9198	2
8194	9060	2
8496	33629	10
38943	104153	15
11431	14292	2
41822	71248	13
7820	15585	2
8115	5169	7
11995	14307	2
12232	12248	2
8008	14751	2
51745	5518	14
8582	11431	2
8376	15147	2
11511	26684	5
14868	15145	2
12232	14785	2
41875	6955	14
11683	16530	2
8022	8415	2
9793	14179	2
11798	14989	2
8704	8744	2
12292	15266	2
8083	12863	2
33620	5314	14
8616	11391	2
15194	15914	2
67646	85277	15
8662	11378	2
15812	16035	2
7830	9116	2
11364	15073	2
8564	14252	2
8114	11350	2
8404	14145	2
14195	16111	2
25400	103535	15
8883	16008	2
8415	8591	2
70675	76485	13
39108	88717	12
47301	63197	13
11355	15608	2
8623	11361	2
59051	72576	13
36027	5372	14
9109	5367	7
14447	16375	2
11552	14144	2
9034	9266	2
48282	77852	15
8156	6171	7
8811	14413	2
7859	14638	2
13998	15003	2
44063	4761	14
8170	9107	2
8619	15906	2
9154	15054	2
39152	84855	12
8723	14717	2
14100	14933	2
70711	95765	12
8458	15748	2
8008	8354	2
12023	16339	2
8731	14036	2
8963	13144	2
8142	11356	2
9039	16297	2
52893	67495	13
16024	16383	2
8793	12154	2
63021	72648	13
16145	36345	5
15187	15943	2
31049	6687	14
14328	15209	2
71048	85530	15
9087	14299	2
8308	8947	2
10483	14776	2
8964	14230	2
12023	13993	2
8546	14881	2
38801	83698	15
40091	100059	15
8551	30651	5
70459	71890	13
11958	15698	2
15783	15974	2
60160	64199	13
38730	97192	12
9117	11411	2
69839	104039	15
54730	104969	15
8466	15163	2
8991	7184	7
72485	76433	13
14435	16144	2
44492	101993	15
8470	14341	2
53935	98493	15
8136	16300	2
14225	15888	2
8582	14755	2
8540	14394	2
20899	21868	13
7824	8919	2
34155	104039	15
14495	14844	2
7882	15218	2
8835	12062	2
8745	6870	7
8321	9020	2
8725	9020	2
9889	14202	2
8770	6542	7
8388	15989	2
23076	5562	14
66341	102866	15
9014	12250	2
9207	12343	2
9051	14559	2
8012	9073	2
54748	104047	15
7900	15628	2
87198	85182	0
8163	9283	2
8116	14165	2
25735	6186	14
64243	73027	13
8549	12193	2
48370	102866	15
8765	13987	2
8071	8988	2
14273	15721	2
24789	104815	15
74811	76433	13
7824	8190	2
71690	104074	15
8064	15726	2
8117	14226	2
71701	104250	15
12042	14054	2
53119	103426	15
8973	12280	2
8628	16061	2
14009	14164	2
8325	15013	2
7987	8102	2
8466	15972	2
8170	16394	2
14214	5588	7
9197	9285	2
7845	11975	2
14244	14972	2
14281	15769	2
8137	8426	2
86818	87917	1
8806	14107	2
8275	11471	2
8319	14251	2
8116	8206	2
23560	83035	12
1678	6598	14
47010	75848	13
85569	86648	0
11670	15200	2
9284	16086	2
9276	14816	2
8768	15720	2
8846	65874	10
8204	16367	2
8144	8593	2
38920	67508	13
8820	14884	2
25734	4222	14
8194	9150	2
8019	15810	2
8184	9230	2
22923	38971	13
15020	16086	2
93595	83919	1
14011	15277	2
8502	16370	2
8127	9222	2
11449	16320	2
8083	14319	2
8000	8445	2
12060	14273	2
8148	12063	2
8035	14257	2
67634	96493	12
12165	14067	2
42074	61277	13
8924	11629	2
8790	9159	2
9036	15419	2
12365	14084	2
8391	14740	2
8422	8972	2
53248	99249	15
8112	15578	2
26628	102528	15
12001	15770	2
11970	14339	2
8514	9261	2
36883	102041	15
15903	16163	2
8194	8200	2
8420	15764	2
8659	13912	2
40177	98333	15
35163	102371	15
25882	85564	12
8103	8658	2
35834	4610	14
11494	15461	2
15825	15954	2
8127	8977	2
73781	98079	15
8183	16375	2
16283	16291	2
8177	14240	2
14901	15349	2
10691	5375	7
26938	26938	13
8946	9269	2
12165	15435	2
15281	16504	2
39742	70693	13
15696	15736	2
12018	16385	2
67731	6450	14
8746	15721	2
8829	15785	2
7823	8733	2
8665	8842	2
8083	8757	2
38328	104932	15
8240	8531	2
8151	9680	2
84970	92495	0
66688	95715	12
8471	9265	2
15139	15833	2
8819	15809	2
10580	12145	2
25733	4852	14
8412	8430	2
31660	84446	15
25744	93910	12
66488	71264	13
34282	18743	16
8295	8468	2
15041	15821	2
8957	8989	2
42345	103546	15
9722	31065	5
9051	14104	2
65474	98440	15
8176	8622	2
14250	14538	2
8213	8391	2
8154	14139	2
8906	14198	2
9139	15237	2
11798	14283	2
8978	9108	2
8395	8937	2
38554	59021	13
29922	105475	15
26250	68860	13
14629	7146	7
15450	16540	2
8675	8936	2
9111	12259	2
194	74953	13
8207	14217	2
39301	104211	15
8917	14168	2
8098	8902	2
8482	14852	2
54967	98218	15
15552	16534	2
8145	11382	2
15829	16077	2
9248	11977	2
7897	13920	2
7814	15878	2
8264	14117	2
14076	15625	2
22420	98477	15
8409	9108	2
9082	16251	2
8769	9031	2
14084	15981	2
7851	8614	2
8453	9039	2
8272	5750	7
14279	14652	2
7987	8275	2
9148	15071	2
7987	9011	2
8266	12203	2
8071	15624	2
28907	5723	14
76945	2212	14
25631	6201	14
14812	15156	2
9142	4634	7
8094	14810	2
39447	7246	14
26209	6450	14
11407	15628	2
9706	11194	2
9237	14222	2
15810	16358	2
8422	10168	2
8146	8564	2
15026	15557	2
8743	16307	2
8115	8193	2
8667	9004	2
33924	6480	14
50179	104842	15
26953	102868	15
21006	79886	15
8566	14141	2
8739	32053	5
11404	16276	2
8009	15793	2
8297	15468	2
63964	102894	15
8012	11230	2
74953	96293	12
8018	8801	2
9128	9139	2
10129	12305	2
8158	15083	2
7945	9238	2
8212	16240	2
8084	9233	2
51794	5720	14
8474	15908	2
12268	15815	2
8574	9109	2
8991	15273	2
37151	105026	15
7828	6271	7
14895	15218	2
13966	14415	2
8509	11420	2
11365	15392	2
38920	57454	13
8177	8529	2
48106	7469	14
11292	30613	10
12221	14993	2
76538	90354	15
8250	8460	2
8422	15463	2
90609	83919	1
8372	8858	2
8693	11424	2
8180	14266	2
8618	9249	2
9265	14178	2
9163	14239	2
10847	15178	2
7990	8731	2
8721	11397	2
8692	8940	2
23919	5204	14
16323	29655	5
21990	87102	12
31834	6455	14
29954	101168	15
8109	11376	2
15549	16151	2
8321	14572	2
8365	16174	2
7889	16052	2
9298	4887	7
12207	16515	2
11365	12018	2
8049	8762	2
9045	14764	2
8954	14921	2
8615	4966	7
8841	15823	2
9014	6392	7
449	38451	13
22909	44928	13
8355	9023	2
48751	4757	14
8163	8833	2
8167	8378	2
14250	15357	2
8640	11361	2
31001	103448	15
50412	67651	13
8887	14733	2
8771	14684	2
8260	12244	2
8693	15773	2
15573	16192	2
14090	14660	2
7828	14117	2
8250	15861	2
36808	101891	15
14767	30856	5
8383	15898	2
8062	5697	7
60203	84074	12
32390	103449	15
9130	16377	2
8136	14278	2
8175	16360	2
38738	72434	13
14384	16172	2
8973	9032	2
30613	5518	14
8500	16125	2
8357	9240	2
28534	82969	12
8819	14263	2
54278	5974	14
9338	14875	2
20967	24350	13
8893	15661	2
8875	14138	2
58014	103523	15
40205	64923	13
14934	16543	2
34678	104977	15
8173	8551	2
46852	67181	13
8588	15269	2
9779	28799	10
8897	9148	2
11542	15931	2
12133	15128	2
12048	16150	2
8823	15790	2
8067	9009	2
14298	16556	2
74497	91448	15
7981	8536	2
8409	11254	2
9205	12048	2
51050	56780	13
29987	87146	12
8210	15479	2
14013	15981	2
15237	16035	2
8481	8834	2
8188	8793	2
7991	8494	2
22158	34053	13
37042	84545	15
12222	15314	2
8094	14358	2
40063	89816	12
72849	102016	15
8064	8430	2
14765	16240	2
9134	13665	2
8283	14235	2
12651	21751	10
22101	81025	15
8564	8896	2
9125	16100	2
8149	8635	2
8322	8936	2
29043	87604	12
24119	40988	13
7970	8523	2
8639	14310	2
55996	103015	15
8897	14645	2
75218	80101	15
14190	67306	5
7995	5314	7
45017	2276	14
8789	8921	2
25847	103529	15
11565	15102	2
9027	9147	2
61783	89838	12
7819	11916	2
12323	16111	2
7841	15790	2
8583	14152	2
8892	14271	2
36211	78210	15
27352	92450	12
25736	86542	15
11976	13966	2
8662	8932	2
39008	99860	15
8539	14069	2
11984	16275	2
8535	15929	2
8152	8819	2
32699	6955	14
7846	9052	2
8286	8535	2
7983	14744	2
8297	14323	2
1320	3808	14
8000	12917	2
9175	13372	2
8900	16375	2
8012	16381	2
8673	16449	2
8491	14644	2
8334	15391	2
14742	15662	2
8282	9085	2
33787	99130	15
12154	14193	2
7981	8988	2
44043	76646	13
14994	16324	2
32684	87006	12
11891	15714	2
8200	8544	2
35816	104815	15
8887	15785	2
8294	9290	2
8212	8935	2
44415	71558	13
9081	9116	2
14352	14635	2
8710	32054	5
14383	15808	2
54101	5518	14
8229	14389	2
8674	12065	2
8529	8658	2
14276	15719	2
55611	73702	13
9022	11407	2
8112	8973	2
32522	6954	14
39035	104091	15
13987	15179	2
8418	8519	2
12074	14610	2
8954	15022	2
8064	11362	2
8983	9254	2
28722	101873	15
39162	95757	12
8309	8652	2
8563	15623	2
8879	11424	2
8185	8395	2
8392	8762	2
8672	16408	2
25918	67041	13
8107	6215	7
56733	85912	15
8735	8832	2
8089	8698	2
14033	14037	2
36941	38734	13
9027	14294	2
15769	15999	2
12192	15625	2
8639	10483	2
12154	15063	2
9020	16408	2
9069	15911	2
37519	104845	15
59123	72756	13
8126	8752	2
14025	14978	2
14117	16356	2
54751	97780	15
12215	12917	2
15306	5314	7
8149	11431	2
9222	13580	2
7841	14644	2
8524	14287	2
8361	14299	2
35691	5739	14
8851	15427	2
34860	4473	14
28676	77997	15
9051	9093	2
8056	6612	7
8456	14880	2
12170	14034	2
12264	14081	2
7888	15419	2
16308	67389	5
41163	103328	15
8453	15324	2
8935	11293	2
54075	104240	15
8800	14978	2
11803	15804	2
74669	83894	12
14869	14890	2
8308	8984	2
8127	16109	2
21683	94592	12
9022	14223	2
9082	9146	2
15219	16159	2
8870	14016	2
8535	15848	2
12343	15454	2
92289	94305	0
50778	98184	15
14960	5423	7
22260	6079	14
26572	104121	15
11880	12230	2
8707	12321	2
60756	104212	15
39186	84322	12
52071	104662	15
8463	15273	2
8196	14832	2
8449	14839	2
9130	15526	2
63512	96457	12
9025	15858	2
11558	14937	2
8185	8561	2
8078	15878	2
8479	9302	2
8269	15755	2
38656	89605	12
8607	12217	2
9153	14689	2
29275	85183	15
8567	8931	2
8032	8622	2
8487	8577	2
8402	9148	2
8924	14849	2
8545	7518	7
21999	5967	14
41792	6126	14
35328	37638	13
14868	15210	2
44239	103431	15
14742	16196	2
8591	8774	2
7851	12267	2
36239	97803	15
8470	11648	2
8601	16327	2
10366	15054	2
9993	12052	2
15314	15619	2
9022	15821	2
7835	8962	2
60196	103456	15
8056	8615	2
30645	58364	13
8078	11375	2
7983	8364	2
8361	14513	2
30359	101805	15
8301	8365	2
22833	89861	12
11880	15488	2
58376	6705	14
35289	101407	15
15105	16396	2
6969	103714	4
11824	14296	2
9058	12318	2
8592	15858	2
11662	16123	2
8914	72324	11
55030	104853	15
14740	15924	2
8268	15620	2
8763	8808	2
9081	14319	2
15128	15742	2
12210	14481	2
7921	9248	2
14228	15819	2
8502	6851	7
11365	15421	2
8165	16194	2
8345	8588	2
15163	15907	2
10973	12205	2
9205	11977	2
9005	16211	2
8612	14322	2
35586	105043	15
14813	16350	2
28615	90538	12
8478	15858	2
8226	8975	2
12063	15012	2
8943	9255	2
9014	14322	2
14870	15912	2
28797	102694	15
8102	13906	2
8859	15744	2
43063	5763	14
12106	16368	2
8430	13915	2
14077	16146	2
8742	9175	2
14004	15489	2
9264	9513	2
12133	16116	2
7856	7904	2
33498	92992	12
51432	104434	15
66687	68306	13
31341	4662	14
52457	5530	14
8771	14037	2
21355	105042	15
14529	16251	2
8133	12273	2
8765	15359	2
8480	14147	2
8190	8841	2
11424	15983	2
35634	103463	15
13966	16370	2
8407	15547	2
14247	15593	2
8199	9226	2
8166	16194	2
36613	104813	15
8189	8440	2
14113	14768	2
14080	15223	2
8070	12054	2
45194	94453	12
47400	56518	13
8228	15539	2
8562	11179	2
9005	9081	2
85759	92949	1
11194	13969	2
77261	5704	14
7873	16036	2
8046	8870	2
29539	44374	13
8325	14347	2
8056	8575	2
14493	16446	2
85894	89730	1
73719	98090	15
8609	12020	2
13994	15564	2
8021	14113	2
50981	99793	15
8057	8206	2
9002	9113	2
26453	102895	15
42136	4867	14
8320	8431	2
8163	8761	2
9090	14154	2
29820	103336	15
8600	15821	2
14965	15702	2
8216	15359	2
8999	4623	7
15255	26107	5
22139	5530	14
8582	11632	2
8100	9219	2
61308	98123	15
42537	100182	15
8758	6055	7
9058	14183	2
12335	15783	2
27395	27395	13
8230	4600	7
14436	16064	2
14141	14788	2
8422	14248	2
8931	14275	2
8710	15732	2
8711	12252	2
8136	14153	2
9044	9164	2
52721	67575	13
26868	96293	12
14664	15128	2
76635	96825	12
8536	15785	2
8032	8952	2
8027	14235	2
8467	8722	2
25765	88717	12
8491	14918	2
8533	5163	7
13706	15700	2
7881	8056	2
8812	14811	2
8069	9051	2
39995	104847	15
11480	15420	2
8238	9014	2
8056	15643	2
9031	9082	2
8457	8914	2
8112	15597	2
7875	15009	2
7975	8947	2
8574	8821	2
12115	14841	2
9205	14085	2
7848	15478	2
8442	12229	2
8681	9141	2
71671	104869	15
38989	104225	15
8325	14066	2
8494	11449	2
45021	91453	12
31187	6915	14
9033	16219	2
7976	8180	2
59074	86701	12
8095	8331	2
44454	44454	13
8998	11407	2
12200	15522	2
12312	13987	2
15163	15979	2
8761	9018	2
14241	29350	5
14080	15468	2
89599	94647	1
8723	15302	2
8980	14323	2
8651	14166	2
7868	8737	2
25639	102860	15
15912	15982	2
12210	16273	2
66528	91725	12
8403	8998	2
14092	16099	2
40117	84614	12
12305	15663	2
8732	16367	2
9115	15390	2
8156	8605	2
8762	16127	2
8981	16337	2
8683	8725	2
25643	7460	14
8846	11466	2
9270	12343	2
15810	16145	2
8322	8618	2
26054	97155	15
11473	14385	2
8184	13984	2
8956	13995	2
8325	9285	2
7821	9081	2
30394	6051	14
21995	90676	12
41708	104993	15
11683	14942	2
4475	103434	4
77310	104009	15
9094	4457	7
8485	8701	2
8912	15456	2
28560	103508	15
14284	15730	2
41163	101786	15
8083	14251	2
38828	92826	12
24326	58256	13
11350	14245	2
14192	14275	2
44066	66478	13
8136	11473	2
41546	105046	15
8148	8626	2
63108	67062	13
30038	103340	15
8655	9101	2
14217	14388	2
14720	16445	2
31597	98463	15
74283	102039	15
8134	5560	7
7907	15307	2
8739	14811	2
12063	14272	2
7886	9262	2
11356	15073	2
8875	8958	2
14082	67715	5
22002	44750	13
13906	14238	2
8712	103939	9
72152	5582	14
44267	68868	13
8414	14886	2
8540	12236	2
11511	16319	2
8694	12220	2
8021	8036	2
52286	5674	14
9052	14339	2
10309	15685	2
11449	14983	2
51596	104541	15
36347	4677	14
8621	8798	2
8426	11474	2
8083	9019	2
14285	14776	2
8850	9011	2
9166	15008	2
7989	14124	2
8694	14324	2
8100	11427	2
9019	14004	2
15359	6411	7
11400	4388	7
7984	8752	2
71216	72715	13
44914	103380	15
15522	16110	2
11542	13743	2
15275	16553	2
14408	16063	2
7883	9247	2
8070	16275	2
73400	104247	15
9111	15903	2
8773	14107	2
14099	14989	2
73729	104853	15
14915	15048	2
14084	15753	2
7996	12216	2
8215	15454	2
8976	16308	2
9354	16372	2
7847	8935	2
8845	9230	2
8188	16425	2
33629	5241	14
9177	15963	2
7868	14972	2
36708	104239	15
50295	77685	15
63713	5675	14
23470	74856	13
12287	13993	2
7987	8489	2
14790	7298	7
64960	92968	12
8803	14114	2
8965	14282	2
33148	102114	15
11419	14696	2
8430	7093	7
12248	15991	2
11842	16468	2
47801	77627	15
8939	13971	2
8250	15960	2
9084	9240	2
8731	14108	2
9035	9062	2
8357	6394	7
11355	15600	2
8074	8293	2
9134	12144	2
8702	14134	2
14405	15554	2
8424	14248	2
8431	16318	2
8245	16276	2
12154	14897	2
8079	12258	2
15934	16564	2
8597	8965	2
13200	14392	2
15105	24350	8
27691	32146	13
23863	99760	15
8108	14769	2
8305	16408	2
23451	28855	13
10402	14900	2
38741	103382	15
11382	13999	2
44327	95389	12
8261	15254	2
15122	15332	2
8732	8808	2
8874	9111	2
8741	12364	2
39040	103470	15
11358	13372	2
89140	83510	1
39256	7024	14
10255	30440	10
9128	44329	10
14213	15319	2
41802	68480	13
14410	15794	2
8900	14392	2
28814	104932	15
7980	8080	2
60097	76615	13
8204	15063	2
14154	16101	2
8222	8497	2
11302	14077	2
8294	14085	2
8171	8731	2
12367	14257	2
8443	15866	2
14670	15898	2
9901	14434	2
9217	16036	2
9186	11464	2
14179	14974	2
24282	24425	13
8979	12282	2
41932	82420	15
14118	16196	2
28261	96492	12
7979	12244	2
8545	8630	2
8822	14159	2
8932	15194	2
8806	14720	2
2939	103414	4
13200	14166	2
54588	99355	15
8487	14033	2
37883	65008	13
13942	15869	2
91042	91045	0
74688	94435	12
88667	88171	1
32255	103518	15
22778	89609	12
8528	16111	2
60577	98148	15
9196	14070	2
8088	14250	2
50287	102655	15
14803	15247	2
22136	102826	15
14273	15254	2
8299	15539	2
11365	15726	2
8071	14498	2
8073	8456	2
8440	12917	2
15259	15630	2
9152	14439	2
14243	14277	2
36141	36660	13
8217	11368	2
8589	15810	2
9154	16319	2
8352	14528	2
14061	14729	2
38529	95122	15
7877	8549	2
8589	9245	2
89587	94647	1
14047	14793	2
8216	15912	2
8121	8132	2
8013	14139	2
7970	9007	2
8473	9004	2
13910	15359	2
8196	8992	2
8370	15071	2
8257	15787	2
8019	8725	2
13921	14386	2
13743	15332	2
29647	74408	13
8824	11977	2
8850	16130	2
8413	8973	2
15785	16111	2
11361	11975	2
8863	15806	2
8005	9275	2
8768	13908	2
82877	83919	1
14654	15793	2
14419	15132	2
9159	15453	2
8760	8984	2
64440	104039	15
8679	15854	2
13372	14288	2
9213	15803	2
11362	15894	2
8683	14218	2
8466	8849	2
8151	14959	2
8858	14788	2
44269	83069	15
8352	11293	2
8488	30283	8
8226	9115	2
8190	11179	2
15707	15791	2
8402	14994	2
14884	15621	2
8275	9025	2
7975	4567	7
14604	74329	11
8850	9149	2
82739	84000	1
22001	68376	13
8243	72324	5
15935	15997	2
14117	16384	2
76679	87524	12
32839	89310	15
7864	9132	2
8214	6988	7
44047	84453	12
8372	14323	2
35295	4375	14
33934	66930	13
8991	16150	2
8046	8091	2
8016	15993	2
58786	99486	15
26280	102048	15
22827	97278	15
8025	16063	2
22756	92227	15
7990	9136	2
14147	16000	2
16139	31980	10
8561	15842	2
14272	15570	2
39299	93800	12
8467	6632	7
8719	14273	2
8115	8615	2
40383	79320	15
8418	13946	2
39216	104114	15
9014	5027	7
7823	14923	2
12225	15270	2
8601	13993	2
8201	14322	2
9692	16324	2
73414	4394	14
8645	12318	2
14446	15404	2
15095	15683	2
8213	8816	2
14395	15966	2
8122	13665	2
86052	88923	0
8212	9313	2
15488	15861	2
14225	15832	2
8696	15593	2
8575	14218	2
8380	16062	2
8293	9098	2
14751	16166	2
75964	82057	15
8565	16466	2
31598	5192	14
8035	15808	2
8261	103935	9
66088	103299	15
31872	4852	14
9145	14542	2
8225	8485	2
11642	12295	2
8690	14684	2
13943	15981	2
8921	12262	2
12098	15773	2
8292	16057	2
14048	14972	2
38999	92886	15
31075	17977	16
8210	8630	2
15471	15858	2
9865	14057	2
8657	15879	2
8697	12258	2
7990	13964	2
8571	14308	2
8002	15976	2
15237	15526	2
72148	102904	15
12144	13959	2
62765	66513	13
8708	8763	2
8152	8800	2
39006	83696	15
8255	11380	2
76035	99411	15
7906	16509	2
8114	16116	2
37738	88200	12
57136	83299	15
30546	102733	15
8114	15596	2
67619	102451	15
58539	103015	15
8026	8955	2
7983	8683	2
8946	14127	2
9177	14789	2
9153	14680	2
8174	14529	2
8134	14825	2
13990	14983	2
8588	33470	5
28186	67458	13
8012	12189	2
13983	16307	2
8931	14554	2
8124	15618	2
13919	15469	2
16518	29693	10
8663	10881	2
9184	15711	2
11192	11893	2
8182	8880	2
32748	94215	12
33676	5291	14
8975	11383	2
42319	67656	13
8652	15805	2
8287	12051	2
24386	67730	13
8797	11469	2
8511	14067	2
8342	12054	2
14083	15222	2
27008	104039	15
12356	14302	2
11893	16148	2
14006	16312	2
55033	104184	15
8065	14250	2
8731	14173	2
15427	15471	2
13930	14249	2
10847	15787	2
11404	14910	2
8491	15778	2
56030	95594	15
8953	14289	2
27270	104901	15
39898	82403	15
8268	16212	2
29472	5582	14
39199	5518	14
224	74766	13
12264	15122	2
30360	91636	12
8517	8796	2
35580	7102	14
24500	105137	15
44054	62636	13
8409	8493	2
8061	16061	2
12205	15156	2
8687	14036	2
8518	9124	2
14218	15816	2
8604	9062	2
53551	103233	15
95996	82917	1
9822	16291	2
9255	14237	2
9151	12220	2
8896	15637	2
39911	103191	15
8406	15879	2
9144	15866	2
8461	8545	2
74763	103568	15
8910	8924	2
37090	79179	15
11451	16103	2
8813	14529	2
8521	8653	2
9513	14936	2
40090	68737	13
12100	12295	2
15441	16520	2
8745	6243	7
11381	14258	2
15622	15954	2
9086	14294	2
8622	9004	2
52549	4646	14
8940	15893	2
12319	5346	7
8479	15332	2
8582	9258	2
8085	15743	2
7860	8545	2
8547	8789	2
73354	104069	15
21669	35166	13
8608	8694	2
8016	8111	2
8930	15319	2
25896	85280	12
8381	8520	2
38598	91647	12
8042	33615	5
8323	8806	2
8112	14128	2
8623	8724	2
8147	12248	2
9026	16398	2
9562	16099	2
64838	85566	12
14794	16437	2
61843	72284	13
28453	83980	12
8345	8471	2
94825	87917	1
8995	14989	2
64926	70841	13
9296	15866	2
8136	11629	2
25401	91587	15
11621	13973	2
33488	97457	15
8643	14139	2
13998	15069	2
8331	14265	2
12018	15011	2
14572	15988	2
15649	16368	2
8470	10129	2
8497	11994	2
8407	16102	2
8162	8911	2
72880	103342	15
13999	14850	2
14909	15061	2
8292	14023	2
8972	103940	9
9064	16116	2
14610	15719	2
36059	104213	15
33914	105042	15
8197	15059	2
11563	5518	7
84539	92272	0
42944	44009	13
8073	13912	2
8243	14223	2
94251	92949	1
43282	98272	15
8911	14841	2
31500	6959	14
7990	12098	2
28747	104915	15
7981	12323	2
8246	11977	2
36425	40176	13
77381	97574	15
8491	14795	2
8984	15020	2
8407	16060	2
16437	16464	2
8117	14114	2
31750	102028	15
9020	14850	2
8406	9015	2
8457	11676	2
14401	16367	2
8963	16188	2
9202	15670	2
43608	79311	15
8956	14228	2
26496	97084	12
38925	7052	14
74226	7105	14
8652	15941	2
8460	8506	2
8462	15893	2
14320	14965	2
14481	16048	2
8137	15548	2
1498	98147	15
9197	14307	2
14700	16337	2
12354	16150	2
36844	4321	14
14794	15108	2
11508	15412	2
15128	15643	2
24292	50472	13
8212	15048	2
31949	79956	15
8360	9394	2
12200	14101	2
7880	16495	2
14166	15499	2
14839	15349	2
9067	15751	2
8117	8456	2
12306	5233	7
8266	14296	2
87700	88405	0
14077	14353	2
25381	74437	13
26165	5974	14
9018	14989	2
26632	92576	12
14138	15031	2
24218	91019	12
8939	12132	2
47823	4971	14
8000	8109	2
8449	8618	2
8969	14054	2
8424	9173	2
67757	96311	12
8619	16021	2
23589	68379	13
7881	8090	2
8848	12917	2
8181	15731	2
8136	15786	2
7886	12060	2
8956	15011	2
8657	9152	2
8491	15584	2
30481	6450	14
8437	8900	2
8723	15692	2
8089	5013	7
9302	14153	2
8013	15279	2
8039	14257	2
8600	14832	2
43961	96205	12
14807	42198	10
9042	14271	2
7997	15382	2
9139	9562	2
76886	103336	15
8415	9148	2
8736	14329	2
8020	8951	2
8116	11842	2
8253	8424	2
8932	5730	7
14917	15223	2
8799	12349	2
8445	15376	2
11934	14715	2
86418	83597	1
25894	86609	12
8598	14445	2
10168	15652	2
9289	15911	2
8844	15435	2
8570	14195	2
35688	40627	13
8714	11368	2
9011	15825	2
8897	4946	7
14295	16128	2
8853	14188	2
8367	8881	2
14126	16168	2
8245	14677	2
8340	5967	7
8313	103939	9
12330	15633	2
7828	9146	2
8273	9155	2
67653	87166	15
7819	11846	2
35368	62864	13
12012	15935	2
53248	99382	15
8127	15229	2
8090	8488	2
15817	15917	2
8329	14049	2
8993	14542	2
11002	12012	2
8986	14002	2
13904	15763	2
11542	15187	2
15600	15954	2
15509	16441	2
34280	63524	13
8262	14188	2
8811	9148	2
8238	8391	2
11642	12100	2
39059	2665	14
8173	14154	2
8268	8737	2
26310	76679	13
26522	102377	15
34297	101823	15
72801	20158	16
24160	93672	12
11757	14880	2
8606	8947	2
62142	98147	15
8333	8409	2
8591	9222	2
33341	79143	15
13983	14888	2
15316	16253	2
8527	14278	2
8694	8735	2
14250	15992	2
8424	14114	2
15787	15931	2
15207	16055	2
8170	8956	2
8319	9039	2
25312	61988	13
13326	30076	10
8219	11955	2
8086	15349	2
26752	4917	14
83795	84797	1
25836	103396	15
8639	8930	2
57815	98221	15
8317	8844	2
25866	97297	12
66626	87228	15
12216	15363	2
8570	11767	2
12350	38558	5
8281	14264	2
11378	16109	2
12318	14927	2
67218	71080	13
8661	15801	2
11350	12154	2
8832	14051	2
7895	7908	2
14058	14548	2
14518	15904	2
8879	13372	2
8529	8993	2
29070	66817	13
14124	15757	2
41976	104996	15
12362	14328	2
8955	15302	2
14270	14277	2
26672	5739	14
60164	70900	13
8640	16300	2
14829	6121	7
14088	5335	7
8111	12117	2
10558	15843	2
14401	26519	5
14378	15866	2
8606	9248	2
64965	93822	12
22734	38449	13
26590	93723	12
8902	13922	2
57202	94766	15
7874	14339	2
36427	64051	13
7901	11902	2
8068	14396	2
15387	16531	2
8560	11706	2
9271	14625	2
8353	4454	7
14335	14992	2
11842	16111	2
12020	15625	2
8268	15356	2
14254	15421	2
29455	5533	14
68258	89824	15
7968	27153	5
7846	12222	2
66339	6387	14
3445	103396	4
13976	14964	2
8278	8570	2
82737	83234	0
8772	5762	7
8127	8929	2
29023	6847	14
44720	89308	12
29457	33558	13
11767	16312	2
9184	12059	2
13923	14020	2
8398	14137	2
14537	16564	2
8417	8476	2
8737	14125	2
12249	15712	2
8470	15545	2
9680	14586	2
8587	16306	2
8073	15878	2
13987	14396	2
8327	12050	2
8472	4889	7
31064	6037	14
14737	16324	2
48989	6201	14
8668	15438	2
32549	84143	15
32226	3134	14
8919	14731	2
8686	103918	9
15078	15401	2
12154	15637	2
12238	15302	2
11976	14244	2
74688	94274	12
8098	8339	2
9026	14051	2
14276	15020	2
8214	8272	2
11466	11552	2
8077	14058	2
11471	12015	2
8731	14256	2
8057	15063	2
12111	14294	2
9122	9184	2
8982	4958	7
8903	14386	2
7931	14793	2
50309	102716	15
8782	14101	2
9283	12917	2
8735	13580	2
8881	14915	2
14405	15907	2
8010	8746	2
8084	15798	2
8550	8623	2
8078	14755	2
37718	101996	15
8152	14145	2
70080	104215	15
11563	14112	2
8074	12276	2
26242	103289	15
44797	82730	12
38999	95757	12
8623	16540	2
8194	14056	2
11981	15996	2
8897	15942	2
8926	12363	2
8889	10942	2
47355	105453	15
8933	9166	2
8243	16337	2
8383	12340	2
8980	5311	7
74795	4621	14
12305	14117	2
8529	14901	2
8391	8446	2
10454	14776	2
8430	8583	2
11508	16515	2
28494	103539	15
8486	12305	2
71493	98190	15
25363	74422	13
8136	13907	2
44241	66105	13
9133	16356	2
15805	15817	2
36585	64947	13
8912	14090	2
8389	14004	2
8722	16192	2
8354	9276	2
14134	16111	2
10847	13920	2
8663	16260	2
8542	14983	2
14136	15494	2
8869	10457	2
14066	16407	2
8040	9234	2
41149	100480	15
12253	15004	2
8299	8674	2
70591	103434	15
68497	93102	12
8072	11265	2
25619	101958	15
14720	14921	2
8260	15757	2
8064	13858	2
23703	4838	14
7978	6202	7
8177	15871	2
9313	13969	2
8470	14118	2
10563	14019	2
12133	12282	2
12061	16077	2
7971	14036	2
8620	12350	2
7976	15237	2
70183	99765	15
8872	9255	2
12063	14182	2
8115	8545	2
8414	8929	2
8640	15087	2
32121	103342	15
8159	12198	2
66628	90883	12
26310	4498	14
7903	5337	7
52998	99712	15
8922	14192	2
8706	12249	2
8952	11927	2
15578	15725	2
9009	16008	2
8579	11563	2
11456	13961	2
8784	15092	2
16298	26463	5
8094	14649	2
8823	14910	2
7962	8506	2
8196	14432	2
15856	15963	2
9159	12917	2
8001	5170	7
11371	14124	2
8413	14004	2
8140	12305	2
8132	6678	7
9003	14134	2
11881	15060	2
10744	11302	2
8735	8803	2
8194	15310	2
8736	14009	2
52555	4441	14
11473	15683	2
15652	15974	2
8335	15709	2
85609	90656	0
8492	8870	2
61798	72283	13
9177	15147	2
14138	14811	2
9097	9128	2
24783	6155	14
69353	97496	15
15315	16437	2
26696	85557	12
8292	14646	2
7957	8586	2
44349	95501	12
11044	15754	2
14182	14278	2
8601	14197	2
44019	103549	15
9029	15063	2
8246	11358	2
15924	15992	2
8959	16564	2
7959	14056	2
7825	12354	2
59073	5582	14
8295	15438	2
9177	12059	2
9173	16113	2
11431	14570	2
28146	89665	12
8863	12140	2
9153	15386	2
8618	9001	2
89941	92949	1
8333	8811	2
8952	14226	2
65852	93023	15
9153	14034	2
64428	104072	15
70723	3272	14
51083	103544	15
8293	4430	7
8851	13930	2
42364	103366	15
8561	13966	2
38408	71174	13
8332	16187	2
8002	8182	2
34408	37357	13
41382	67363	13
14225	14886	2
20931	87833	12
8299	35042	10
8773	8915	2
8827	14696	2
30071	92636	15
26816	90297	12
25734	103472	15
8274	8359	2
8226	8278	2
7945	8147	2
14332	15019	2
8851	31474	10
8546	8550	2
9105	15254	2
8813	12238	2
12293	14247	2
61971	87084	12
8606	16149	2
8076	14531	2
49932	79968	15
8669	5397	7
8415	8463	2
8902	12338	2
39395	104083	15
14066	14224	2
14885	14937	2
11648	12063	2
12338	15911	2
54200	7588	14
8719	15870	2
8031	8299	2
28794	88069	12
3466	103494	4
14548	14842	2
38491	102881	15
36236	4622	14
14945	6678	7
8040	8740	2
52906	66868	13
8142	8344	2
8115	8294	2
8607	15817	2
8573	36853	5
12203	14926	2
8308	9027	2
14281	15690	2
8732	9211	2
73146	76485	13
14102	16456	2
11431	14260	2